@book{IEEE-1363,
  author={{IEEE Std 1363-2000}},
  title={{IEEE} Standard Specifications for Public-Key Cryptography},
  address={New York},
  publisher={IEEE},
  year={2000}
}

@inproceedings{kocher99,
  author={C. Kocher and J. Jaffe and B. Jun},
  title={Differential Power Analysis},
  editor={M. Wiener},
  booktitle={Advances in Cryptology ({CRYPTO}~'99)},
  series={Lecture Notes in Computer Science},
  volume={1666},
  pages={388-397},
  publisher={Springer-Verlag},
  month={August},
  year={1999}
}


@INCOLLECTION{Krasnogor2004e,
  AUTHOR = {N. Krasnogor},
  TITLE = {Towards robust memetic algorithms},
  BOOKTITLE = {Recent Advances in Memetic Algorithms},
  PUBLISHER = {Springer Berlin Heidelberg},
  YEAR = {2004},
  PAGES = {185-207},
  EDITOR = {W.E. Hart and N. Krasnogor and J.E. Smith},
  VOLUME = {166},
  SERIES = {Studies in Fuzziness and Soft Computing},  
  ADDRESS = {New York},  
}

@INCOLLECTION{zjsw,
  AUTHOR = {班固},
  TITLE = {苏武传},
  BOOKTITLE = {传记散文英华},
  PUBLISHER = {湖北人民出版社},
  YEAR = {1998},  
  PAGES = {65-69},
  EDITOR = {郑在瀛 and 汪超宏 and 周文复},
  VOLUME = {2},
  SERIES = {新古文观止丛书},  
  ADDRESS = {武汉},
  lang = {zh},
}


@INBOOK{clzs,
  AUTHOR = {阎真},
  TITLE = {沧浪之水},
  CHAPTER = {大人物还是讲人情的},
  PAGES = {185-207},
  PUBLISHER = {人民文学出版社},
  YEAR = {2001},  
  lang = {zh},
}

@Book{tex,
 author    = "Donald E. Knuth",
 title     = "The {\TeX} Book",
 publisher = "Addison-Wesley Publishing Company",
 address   = "Reading, MA",
 year      = 1989,
 edition   = "15th",
}

@Book{companion,
 author    = "Michel Goosens and Frank Mittelbach and Alexander Samarin",
 title     = "The {\LaTeX} Companion",
 publisher = "Addison-Wesley Publishing Company",
 address   = "Reading, MA",
 PAGES = "112--125",
 year      = 1994,
}

@ARTICLE{ELIDRISSI94,
  AUTHOR =       "{Chafik El Idrissi}, M. and {Roney}, A. and {Frigon}, C. and
                  {Larzilli{\`e}re}, M.",
  TITLE =        "Measurements of total kinetic-energy released to the {$N=2$}
                  dissociation limit of {H}$_2$ --- evidence of the dissociation
                  of very high vibrational {R}ydberg states of {H}$_2$ by
                  doubly-excited states",
  JOURNAL =      "Chemical Physics Letters",
  PAGES =        "260-266",
  VOLUME =       224,
  NUMBER =       10,
  YEAR =         1994,
}

@ARTICLE{MELLINGER96,
  AUTHOR =       "Mellinger, A. and Vidal, C. R. and Jungen, Ch.",
  TITLE =        "Laser reduced fluorescence study of the carbon-monoxide nd
                  triplet {R}ydberg series-experimental results and multichannel
                  quantum-defect analysis",
  JOURNAL =      "J. Chem. Phys.",
  PAGES =        "8913-8921",
  VOLUME =       104,
  NUMBER =       5,
  YEAR =         1996,
}

@ARTICLE{SHELL02,
  AUTHOR =       "Michael Shell",
  TITLE =        "How to Use the {IEEEtran \LaTeX} Class",
  JOURNAL =      "Journal of {\LaTeX} Class Files",
  YEAR =         2002,
  VOLUME =       12,
  NUMBER =       4,
  PAGES =        "100--120"
}

@TechReport{NPB2,
  title =        {The {NAS} Parallel Benchmarks 2.0},
  author =       {Alex Woo and David Bailey and Maurice Yarrow and Wijngaart
                  Wijngaart and Tim Harris and William Saphir},
  year =         1995,
  month =        dec # "~05",
  institution =  "The Pennsylvania State University CiteSeer Archives",
  url =          "http://www.nasa.org/"
}

@INPROCEEDINGS{DPMG,
  author =       {Kim, Sangbum and Woo, Namyoon and Yeom, Heon Y. and Park,
                  Taesoon and Park, Hyoungwoo},
  title =        {Design and {I}mplementation of {D}ynamic {P}rocess
                  {M}anagement for {G}rid-enabled {MPICH}},
  booktitle =    {the 10th European PVM/MPI Users' Group Conference},
  year =         2003,
  address =      {Venice, Italy},
  month =        sep,
}

@INPROCEEDINGS{cnproceed,
  author =       {王重阳 and 黄药师 and 欧阳峰 and 洪七公 and 段皇帝},
  title =        {武林高手从入门到精通},
  booktitle =    {第~$N$~次华山论剑},
  year =         2006,
  address =      {西安, 中国},
  month =        sep,
  lang =         "zh",
}

@ARTICLE{cnarticle,
  AUTHOR =       "贾宝玉 and 林黛玉 and 薛宝钗 and 贾探春",
  TITLE =        "论刘姥姥食量大如牛之现实意义",
  JOURNAL =      "红楼梦杂谈",
  PAGES =        "260--266",
  VOLUME =       224,
  YEAR =         1800,
  LANG =         "zh",
}

@MastersThesis{zhubajie,
  author =       {猪八戒},
  title =        {论流体食物的持久保存},
  school =       {广寒宫大学},
  year =         2005,
  address =      {北京},
  lang =         "zh",
}

@PhdThesis{shaheshang,
  author =       {沙和尚},
  title =        {论流沙河的综合治理},
  school =       {清华大学},
  year =         2005,
  address =      {北京},
  lang =         "zh",
}

@MastersThesis{metamori2004,
  author =       {Ashwin Raju Jeyakumar},
  title =        {Metamori: A library for Incremental File Checkpointing},
  school =       {Virgina Tech},
  year =         2004,
  month =        jun # "~21",
  address =      {Blacksburg},
}

@PHDTHESIS{FistSystem01,
  AUTHOR =       "Erez Zadok",
  TITLE =        "{FiST: A System for Stackable File System Code Generation}",
  YEAR =         2001,
  MONTH =        "May",
  SCHOOL =       "Computer Science Department, Columbia University",
  ADDRESS =      "USA"
}

@INBOOK{ColdSources,
  AUTHOR =       {P. Gr{\"o}ning and L. Nilsson and P. Ruffieux and R.
                  Clergereaux and O. Gr{\"o}ning},
  TITLE =        {Encyclopedia of Nanoscience and Nanotechnology},
  pages =        {547--579},
  PUBLISHER =    {American Scientific Publishers},
  YEAR =         2004,
  volume =       1,
}

@article{wangzhiqiang1999,
  title={碰撞检测问题研究综述},
  author={王志强 and 洪嘉振 and 杨辉},
  journal={软件学报},
  volume={10},
  number={5},
  pages={545--551},
  year={1999},
  publisher={万方数据资源系统},
  lang={zh}
}
 


@article{weiyingmei2001,
  title={碰撞检测中的固定方向凸包包围盒的研究},
  author={魏迎梅 and 王涌 and 吴泉源 and 石教英},
  journal={软件学报},
  volume={12},
  number={7},
  pages={1056--1063},
  year={2001},
  publisher={万方数据资源系统},
  lang={zh}
}

@PhdThesis{weiyingmei2000phd,
  title={虚拟环境中碰撞检测问题的研究},
  author={魏迎梅},
  journal={国防科技大学},
  year={2000},
  lang={zh}
}

@mastersthesis{2011zhangxiaobing,
  title={大装配体智能 CAD 系统的开发及模型轻量化技术研究},
  author={张小兵},
  year={2011},
  school={上海交通大学},
  lang={zh}
}

@book{dengcg,
  title={计算几何-算法与应用},
  author={邓俊辉},
  year={2005},
  lang={zh},
  address={北京},
  publisher={清华大学出版社}
}

@book{gpgpuqiu,
  title={GPGPU 编程技术},
  author={仇德元},
  year={2011},
  lang={zh},
  address={北京},
  publisher={机械工业出版社}
}

@article{linjianli2014,
  title={多边形网格的非流形封闭三角形网格正则化},
  author={林建立 and 唐磊 and 雍俊海},
  journal={计算机辅助设计与图形学学报},
  volume={26},
  number={10},
  year={2014},
  pages={1557--1566},
  lang={zh}
}

@article{tanglei2014,
  title={模型适应的凸包围多面体并行生成算法},
  author={唐磊 and 施侃乐 and 雍俊海 and 古和今 and 徐鑫},
  journal={中国科学:信息科学},
  pages={1515--1526},
  volume={44},
  number={22},
  year={2014},
  lang={zh}
}

@article{robot2014,
  title={多机器人并行动态包围体层次树碰撞检测算法},
  author={潘海鸿 and 戴骏 and 陈琳 and 付兵 and 冯俊杰 and 徐杰},
  journal={计算机辅助设计与图形学学报},
  number={11},
  pages={1948-1956},
  lang={zh},
  year={2014}
}

@article{game3d2010,
  title={{3D游戏开发中的碰撞检测算法研究}},
  author={林巧民 and 林萍 and 王汝传},
  journal={计算机技术与发展},
  volume={20},
  number={5},
  pages={39-42},
  lang={zh},
  year={2010}
}

@article{real2001,
  title={真实感布仿真中布与刚体的碰撞检测及修正},
  author={陈旿 and 徐乃平},
  journal={软件学报},
  volume={12},
  number={12},
  lang={zh},
  pages={1874-1880},
  year={2001}
}

@article{virtual2007,
  title={一种基于虚拟手术的三维碰撞检测算法},
  author={谢凯 and 杨杰},
  journal={上海交通大学学报},
  volume={41},
  number={6},
  lang={zh},
  pages={866-869},
  year={2007}
}
